@article{fda1998e9,
  title={E9 statistical principles for clinical trials},
  author={FDA, EMEA},
  journal={US Food and Drug Administration: CDER/CBER. European Medicines Agency: CPMP/ICH/363},
  volume={96},
  year={1998}
}

@article{lin2015pursuit,
  title={The pursuit of balance: an overview of covariate-adaptive randomization techniques in clinical trials},
  author={Lin, Yunzhi and Zhu, Ming and Su, Zheng},
  journal={Contemporary clinical trials},
  volume={45},
  pages={21--25},
  year={2015},
  publisher={Elsevier}
}

@article{kahan2012improper,
  title={Improper analysis of trials randomised using stratified blocks or minimisation},
  author={Kahan, Brennan C and Morris, Tim P},
  journal={Statistics in medicine},
  volume={31},
  number={4},
  pages={328--340},
  year={2012},
  publisher={Wiley Online Library}
}

@article{kaplan1958nonparametric,
  title={Nonparametric estimation from incomplete observations},
  author={Kaplan, Edward L and Meier, Paul},
  journal={Journal of the American statistical association},
  volume={53},
  number={282},
  pages={457--481},
  year={1958},
  publisher={Taylor \& Francis}
}

@article{zelen1974randomization,
  title={The randomization and stratification of patients to clinical trials},
  author={Zelen, Marvin},
  journal={Journal of Chronic Diseases},
  pages={365--375},
  year={1974},
}

@article{efron1971forcing,
  title={Forcing a sequential experiment to be balanced},
  author={Efron, Bradley},
  journal={Biometrika},
  volume={58},
  number={3},
  pages={403--417},
  year={1971},
  publisher={Oxford University Press}
}

@book{van1998asymptotic,
  title={Asymptotic statistics},
  author={Van der Vaart, Aad W},
  volume={3},
  year={1998},
  publisher={Cambridge university press}
}

@article{verhamme2018,
  title={Drug-induced urinary retention: incidence, management and prevention},
  author={Verhamme KM and Sturkenboom MC and Stricker BH and Bosch R.},
  journal={Drug Saf.},
  volume={31},
  number={5},
  pages={373--388},
  year={2008},
  doi={10.2165/00002018-200831050-00002}
}

@book{fleming2011counting,
  title={Counting processes and survival analysis},
  author={Fleming, Thomas R and Harrington, David P},
  year={2011},
  publisher={John Wiley \& Sons}
}

@book{kosorok2008introduction,
  title={Introduction to empirical processes and semiparametric inference.},
  author={Kosorok, Michael R},
  year={2008},
  publisher={Springer}
}

@article{bugni2018inference,
  title={Inference under covariate-adaptive randomization},
  author={Bugni, Federico A and Canay, Ivan A and Shaikh, Azeem M},
  journal={Journal of the American Statistical Association},
  volume={113},
  number={524},
  pages={1784--1796},
  year={2018},
  publisher={Taylor \& Francis}
}

@article{bugni2019inference,
  title={Inference under covariate-adaptive randomization with multiple treatments},
  author={Bugni, Federico A and Canay, Ivan A and Shaikh, Azeem M},
  journal={Quantitative Economics},
  volume={10},
  number={4},
  pages={1747--1785},
  year={2019},
  publisher={Wiley Online Library}
}

@article{robins1994estimation,
  title={Estimation of regression coefficients when some regressors are not always observed},
  author={Robins, James M and Rotnitzky, Andrea and Zhao, Lue Ping},
  journal={Journal of the American statistical Association},
  volume={89},
  number={427},
  pages={846--866},
  year={1994},
  publisher={Taylor \& Francis}
}

@article{coKMlu2011semiparametric,
  title={Semiparametric estimation of treatment effect with time-lagged response in the presence of informative censoring},
  author={Lu, Xiaomin and Tsiatis, Anastasios A},
  journal={Lifetime data analysis},
  volume={17},
  number={4},
  pages={566--593},
  year={2011},
  publisher={Springer}
}

@article{coKMzhang2015robust,
  title={Robust methods to improve efficiency and reduce bias in estimating survival curves in randomized clinical trials},
  author={Zhang, Min},
  journal={Lifetime data analysis},
  volume={21},
  number={1},
  pages={119--137},
  year={2015},
  publisher={Springer}
}

@article{AIPWscharfstein1999adjusting,
  title={Adjusting for nonignorable drop-out using semiparametric nonresponse models},
  author={Scharfstein, Daniel O and Rotnitzky, Andrea and Robins, James M},
  journal={Journal of the American Statistical Association},
  volume={94},
  number={448},
  pages={1096--1120},
  year={1999},
  publisher={Taylor \& Francis}
}

@article{bootstrap,
author = {B. Efron},
title = {{Bootstrap Methods: Another Look at the Jackknife}},
volume = {7},
journal = {The Annals of Statistics},
number = {1},
publisher = {Institute of Mathematical Statistics},
pages = {1 -- 26},
keywords = {bootstrap, discriminant analysis, error rate estimation, jackknife, Nonlinear regression, nonparametric variance estimation, Resampling, subsample values},
year = {1979},
doi = {10.1214/aos/1176344552},
URL = {https://doi.org/10.1214/aos/1176344552}
}

@book{van2003unified,
  title={Unified methods for censored longitudinal data and causality},
  author={Van der Laan, Mark J and Robins, James M},
  volume={5},
  year={2003},
  publisher={Springer}
}
